@book{ireland1990classical,
  title     = {A Classical Introduction to Modern Number Theory},
  author    = {Ireland, K. and Rosen, M.I.},
  isbn      = {9780387973296},
  lccn      = {90009848},
  series    = {Graduate Texts in Mathematics},
  url       = {https://books.google.com/books?id=jhAXHuP2y04C},
  year      = {1990},
  publisher = {Springer}
}
@book{stewart2015algebraic,
  title     = {Algebraic Number Theory and Fermat's Last Theorem},
  author    = {Stewart, I. and Tall, D.},
  isbn      = {9781498738408},
  url       = {https://books.google.com/books?id=xXu9CgAAQBAJ},
  year      = {2015},
  publisher = {CRC Press}
}